@mastersthesis{Fmaster,
	author    = "Frederik M. Madsen",
	title     = "A streaming model for nested data parallelism",
	school    = "Department of Computer Science (DIKU), University of Copenhagen",
	year      = "2013",
	month    = "March",
}


@phdthesis{Fphd,
	author		= "Frederik M. Madsen",
	title		= "Streaming for Functional Data-Parallel Languages",
	school		= "Department of Computer Science (DIKU), University of Copenhagen",
	year		= "2016",
	month		= "September",
}


@techreport{blel95nesl,
	title={Nesl: A nested data-parallel language.(version 3.1)},
	author={Blelloch, Guy E},
	year={1995},
	institution={CARNEGIE-MELLON UNIV PITTSBURGH PA SCHOOL OF COMPUTER SCIENCE}
}


@article{blel96cost,
	title={Programming parallel algorithms},
	author={Blelloch, Guy E},
	journal={Communications of the ACM},
	volume={39},
	number={3},
	pages={85--97},
	year={1996},
	publisher={ACM}
}